@article{acuna2018anthropogenic,
  title={Anthropogenic marine debris over beaches: Spectral characterization for remote sensing applications},
  author={Acu{\~n}a-Ruz, Tom{\'a}s and Uribe, Diego and Taylor, Richard and Am{\'e}zquita, Lucas and Guzm{\'a}n, Mar{\'\i}a Cristina and Merrill, Javier and Mart{\'\i}nez, Paula and Voisin, Leandro and Mattar, Cristian},
  journal={Remote Sensing of Environment},
  volume={217},
  pages={309--322},
  year={2018},
  publisher={Elsevier}
}

@article{beaumont2019global,
  title={Global ecological, social and economic impacts of marine plastic},
  author={Beaumont, Nicola J and Aanesen, Margrethe and Austen, Melanie C and B{\"o}rger, Tobias and Clark, James R and Cole, Matthew and Hooper, Tara and Lindeque, Penelope K and Pascoe, Christine and Wyles, Kayleigh J},
  journal={Marine pollution bulletin},
  volume={142},
  pages={189--195},
  year={2019},
  publisher={Elsevier}
}

@inproceedings{biermann2019towards,
  title={Towards a method for detecting macroplastics by satellite: examining Sentinel-2 earth observation data for floating debris in the coastal zone.},
  author={Biermann, Lauren and Vincente, Victor Martinez and Sailley, Sevrine and Mata, Aser and Steele, Christopher},
  booktitle={Geophysical Research Abstracts},
  volume={21},
  year={2019}
}

@article{biermann2020finding,
  title={Finding plastic patches in coastal waters using optical satellite data},
  author={Biermann, Lauren and Clewley, Daniel and Martinez-Vicente, Victor and Topouzelis, Konstantinos},
  journal={Scientific reports},
  volume={10},
  number={1},
  pages={1--10},
  year={2020},
  publisher={Nature Publishing Group}
}

@inproceedings{bonafilia2019building,
  title={Building high resolution maps for humanitarian aid and development with weakly-and semi-supervised learning},
  author={Bonafilia, Derrick and Gill, James and Basu, Saikat and Yang, David},
  booktitle={Proceedings of the IEEE/CVF Conference on Computer Vision and Pattern Recognition Workshops},
  pages={1--9},
  year={2019}
}

@article{borrelle2020predicted,
  title={Predicted growth in plastic waste exceeds efforts to mitigate plastic pollution},
  author={Borrelle, Stephanie B and Ringma, Jeremy and Law, Kara Lavender and Monnahan, Cole C and Lebreton, Laurent and McGivern, Alexis and Murphy, Erin and Jambeck, Jenna and Leonard, George H and Hilleary, Michelle A and others},
  journal={Science},
  volume={369},
  number={6510},
  pages={1515--1518},
  year={2020},
  publisher={American Association for the Advancement of Science}
}

@article{brandon2019multidecadal,
  title={Multidecadal increase in plastic particles in coastal ocean sediments},
  author={Brandon, Jennifer A and Jones, William and Ohman, Mark D},
  journal={Science advances},
  volume={5},
  number={9},
  pages={eaax0587},
  year={2019},
  publisher={American Association for the Advancement of Science}
}

@article{browne2011accumulation,
  title={Accumulation of microplastic on shorelines woldwide: sources and sinks},
  author={Browne, Mark Anthony and Crump, Phillip and Niven, Stewart J and Teuten, Emma and Tonkin, Andrew and Galloway, Tamara and Thompson, Richard},
  journal={Environmental science \& technology},
  volume={45},
  number={21},
  pages={9175--9179},
  year={2011},
  publisher={ACS Publications}
}

@article{chiba2018human,
  title={Human footprint in the abyss: 30 year records of deep-sea plastic debris},
  author={Chiba, Sanae and Saito, Hideaki and Fletcher, Ruth and Yogi, Takayuki and Kayo, Makino and Miyagi, Shin and Ogido, Moritaka and Fujikura, Katsunori},
  journal={Marine Policy},
  volume={96},
  pages={204--212},
  year={2018},
  publisher={Elsevier}
}

@article{dhokhikah2012solid,
  title={Solid waste management in Asian developing countries: challenges and opportunities},
  author={Dhokhikah, Yeny and Trihadiningrum, Yulinah},
  journal={Journal of Applied Environmental and Biological Sciences},
  volume={2},
  number={7},
  pages={329--335},
  year={2012}
}

@article{evans2021toward,
  title={Toward the detection and imaging of ocean microplastics with a spaceborne radar},
  author={Evans, Madeline C and Ruf, Christopher S},
  journal={IEEE Transactions on Geoscience and Remote Sensing},
  volume={60},
  pages={1--9},
  year={2021},
  publisher={IEEE}
}

@article{farr2007shuttle,
  title={The shuttle radar topography mission},
  author={Farr, Tom G and Rosen, Paul A and Caro, Edward and Crippen, Robert and Duren, Riley and Hensley, Scott and Kobrick, Michael and Paller, Mimi and Rodriguez, Ernesto and Roth, Ladislav and others},
  journal={Reviews of geophysics},
  volume={45},
  number={2},
  year={2007},
  publisher={Wiley Online Library}
}

@article{gill2019detection,
  title={Detection of waste dumping locations in landfill using multi-temporal Landsat thermal images},
  author={Gill, Jasravia and Faisal, Kamil and Shaker, Ahmed and Yan, Wai Yeung},
  journal={Waste Management \& Research},
  volume={37},
  number={4},
  pages={386--393},
  year={2019},
  publisher={SAGE Publications Sage UK: London, England}
}

@article{goddijn2018concept,
  title={Concept for a hyperspectral remote sensing algorithm for floating marine macro plastics},
  author={Goddijn-Murphy, Lonneke and Peters, Steef and Van Sebille, Erik and James, Neil A and Gibb, Stuart},
  journal={Marine pollution bulletin},
  volume={126},
  pages={255--262},
  year={2018},
  publisher={Elsevier}
}

@article{goddijn2019thermal,
  title={On thermal infrared remote sensing of plastic pollution in natural waters},
  author={Goddijn-Murphy, Lonneke and Williamson, Benjamin},
  journal={Remote Sensing},
  volume={11},
  number={18},
  pages={2159},
  year={2019},
  publisher={Multidisciplinary Digital Publishing Institute}
}

@article{gorelick2017google,
  title={Google Earth Engine: Planetary-scale geospatial analysis for everyone},
  author={Gorelick, Noel and Hancher, Matt and Dixon, Mike and Ilyushchenko, Simon and Thau, David and Moore, Rebecca},
  journal={Remote sensing of Environment},
  volume={202},
  pages={18--27},
  year={2017},
  publisher={Elsevier}
}

@article{haklay2008openstreetmap,
  title={Openstreetmap: User-generated street maps},
  author={Haklay, Mordechai and Weber, Patrick},
  journal={IEEE Pervasive computing},
  volume={7},
  number={4},
  pages={12--18},
  year={2008},
  publisher={Ieee}
}

@inproceedings{harding2016marine,
  title={Marine Debris: Understanding, Preventing and Mitigating the Significant Adverse Impacts on Marine and Coastal Biodiversity.},
  author={Harding, Simon},
  year={2016},
  organization={Secretariat of the Convention on Biological Diversity}
}

@article{heaton1987stomata,
  title={Stomata in senescing leaves: guard cell viability and regulation of stomatal function in Nicotiana glauca.},
  author={Heaton, T and Lee, A and Tallman, G},
  journal={The American Society of Plant Physiologists},
  pages={198â€“214},
  year={1987}
}

@misc{indonesia2020indonesian,
  title={Indonesian Statistical (Statistical Yearbook of Indonesian, 2020). Publication Number: 03220.2007. BPS Catalog: 1101001. Number of Pages: xxxviii+ 670 pages. ISSN: 0126-2912},
  author={Indonesia, BPS-Statistics},
  year={2020}
}

@unpublished{hengl_tomislav_2019_3274342,
  author       = {Hengl, Tomislav and
                  Wheeler, Ichsani and
                  MacMillan, Robert A.},
  title        = {{LandGIS: global soil and vegetation mapping using 
                   legacy field observations and state-of-the-art
                   Machine Learning}},
  note         = {{https://opengeohub.org/contribute-training-data- 
                   landgis}},
  month        = jul,
  year         = 2019,
  doi          = {10.5281/zenodo.3274342},
  url          = {https://doi.org/10.5281/zenodo.3274342}
}

@article{jambeck2015plastic,
  title={Plastic waste inputs from land into the ocean},
  author={Jambeck, Jenna R and Geyer, Roland and Wilcox, Chris and Siegler, Theodore R and Perryman, Miriam and Andrady, Anthony and Narayan, Ramani and Law, Kara Lavender},
  journal={Science},
  volume={347},
  number={6223},
  pages={768--771},
  year={2015},
  publisher={American Association for the Advancement of Science}
}

@book{kaza2018waste,
  title={What a waste 2.0: a global snapshot of solid waste management to 2050},
  author={Kaza, Silpa and Yao, Lisa and Bhada-Tata, Perinaz and Van Woerden, Frank},
  year={2018},
  publisher={World Bank Publications}
}

@article{kelly2020microplastic,
  title={Microplastic contamination in east Antarctic sea ice},
  author={Kelly, A and Lannuzel, D and Rodemann, T and Meiners, KM and Auman, HJ},
  journal={Marine Pollution Bulletin},
  volume={154},
  pages={111130},
  year={2020},
  publisher={Elsevier}
}

@article{kruitwagen2021global,
  title={A global inventory of photovoltaic solar energy generating units},
  author={Kruitwagen, L and Story, KT and Friedrich, J and Byers, L and Skillman, S and Hepburn, C},
  journal={Nature},
  volume={598},
  number={7882},
  pages={604--610},
  year={2021},
  publisher={Nature Publishing Group}
}

@article{lamb2018plastic,
  title={Plastic waste associated with disease on coral reefs},
  author={Lamb, Joleah B and Willis, Bette L and Fiorenza, Evan A and Couch, Courtney S and Howard, Robert and Rader, Douglas N and True, James D and Kelly, Lisa A and Ahmad, Awaludinnoer and Jompa, Jamaluddin and others},
  journal={Science},
  volume={359},
  number={6374},
  pages={460--462},
  year={2018},
  publisher={American Association for the Advancement of Science}
}

@article{lau2020evaluating,
  title={Evaluating scenarios toward zero plastic pollution},
  author={Lau, Winnie WY and Shiran, Yonathan and Bailey, Richard M and Cook, Ed and Stuchtey, Martin R and Koskella, Julia and Velis, Costas A and Godfrey, Linda and Boucher, Julien and Murphy, Margaret B and others},
  journal={Science},
  volume={369},
  number={6510},
  pages={1455--1461},
  year={2020},
  publisher={American Association for the Advancement of Science}
}

@article{lavers2020entrapment,
  title={Entrapment in plastic debris endangers hermit crabs},
  author={Lavers, Jennifer L and Sharp, Paul B and Stuckenbrock, Silke and Bond, Alexander L},
  journal={Journal of hazardous materials},
  volume={387},
  pages={121703},
  year={2020},
  publisher={Elsevier}
}

@article{lebreton2019future,
  title={Future scenarios of global plastic waste generation and disposal},
  author={Lebreton, Laurent and Andrady, Anthony},
  journal={Palgrave Communications},
  volume={5},
  number={1},
  pages={1--11},
  year={2019},
  publisher={Palgrave}
}

@article{lebreton2017river,
  title={River plastic emissions to the worldâ€™s oceans},
  author={Lebreton, Laurent and Van Der Zwet, Joost and Damsteeg, Jan-Willem and Slat, Boyan and Andrady, Anthony and Reisser, Julia},
  journal={Nature communications},
  volume={8},
  number={1},
  pages={1--10},
  year={2017},
  publisher={Nature Publishing Group}
}

@article{lebreton2019global,
  title={A global mass budget for positively buoyant macroplastic debris in the ocean},
  author={Lebreton, Laurent and Egger, Matthias and Slat, Boyan},
  journal={Scientific reports},
  volume={9},
  number={1},
  pages={1--10},
  year={2019},
  publisher={Nature Publishing Group}
}

@article{li2020global,
  title={A global coral reef probability map generated using convolutional neural networks},
  author={Li, Jiwei and Knapp, David E and Fabina, Nicholas S and Kennedy, Emma V and Larsen, Kirk and Lyons, Mitchell B and Murray, Nicholas J and Phinn, Stuart R and Roelfsema, Chris M and Asner, Gregory P},
  journal={Coral Reefs},
  volume={39},
  number={6},
  pages={1805--1815},
  year={2020},
  publisher={Springer}
}

@article{b2020mapping,
  title={Mapping the world's coral reefs using a global multiscale earth observation framework},
  author={B. Lyons, Mitchell and M. Roelfsema, Chris and V. Kennedy, Emma and M. Kovacs, Eva and Borrego-Acevedo, Rodney and Markey, Kathryn and Roe, Meredith and M. Yuwono, Doddy and L. Harris, Daniel and R. Phinn, Stuart and others},
  journal={Remote Sensing in Ecology and Conservation},
  volume={6},
  number={4},
  pages={557--568},
  year={2020},
  publisher={Wiley Online Library}
}

@article{martinez2019measuring,
  title={Measuring marine plastic debris from space: Initial assessment of observation requirements},
  author={Mart{\'\i}nez-Vicente, V{\'\i}ctor and Clark, James R and Corradi, Paolo and Aliani, Stefano and Arias, Manuel and Bochow, Mathias and Bonnery, Guillaume and Cole, Matthew and C{\'o}zar, Andr{\'e}s and Donnelly, Rory and others},
  journal={Remote Sensing},
  volume={11},
  number={20},
  pages={2443},
  year={2019},
  publisher={Multidisciplinary Digital Publishing Institute}
}

@article{meijer2021more,
  title={More than 1000 rivers account for 80\% of global riverine plastic emissions into the ocean},
  author={Meijer, Lourens JJ and van Emmerik, Tim and van der Ent, Ruud and Schmidt, Christian and Lebreton, Laurent},
  journal={Science Advances},
  volume={7},
  number={18},
  pages={eaaz5803},
  year={2021},
  publisher={American Association for the Advancement of Science}
}

@article{napper2021abundance,
  title={The abundance and characteristics of microplastics in surface water in the transboundary Ganges River},
  author={Napper, Imogen E and Baroth, Anju and Barrett, Aaron C and Bhola, Sunanda and Chowdhury, Gawsia W and Davies, Bede FR and Duncan, Emily M and Kumar, Sumit and Nelms, Sarah E and Niloy, Md Nazmul Hasan and others},
  journal={Environmental Pollution},
  volume={274},
  pages={116348},
  year={2021},
  publisher={Elsevier}
}

@article{page2020identification,
  title={Identification of tyre and plastic waste from combined copernicus sentinel-1 and-2 data},
  author={Page, Robert and Lavender, Samantha and Thomas, Dean and Berry, Katie and Stevens, Susan and Haq, Mohammed and Udugbezi, Emmanuel and Fowler, Gillian and Best, Jennifer and Brockie, Iain},
  journal={Remote Sensing},
  volume={12},
  number={17},
  pages={2824},
  year={2020},
  publisher={Multidisciplinary Digital Publishing Institute}
}

@article{reisser2015vertical,
  title={The vertical distribution of buoyant plastics at sea: an observational study in the North Atlantic Gyre},
  author={Reisser, Julia and Slat, Boyan and Noble, Kimberly and Du Plessis, Katherine and Epp, Meredith and Proietti, Ma{\i}ra and de Sonneville, Jan and Becker, Thomas and Pattiaratchi, Charitha},
  journal={Biogeosciences},
  volume={12},
  number={4},
  pages={1249--1256},
  year={2015},
  publisher={Copernicus GmbH}
}

@article{suzuki1985topological,
  title={Topological structural analysis of digitized binary images by border following},
  author={Suzuki, Satoshi and others},
  journal={Computer vision, graphics, and image processing},
  volume={30},
  number={1},
  pages={32--46},
  year={1985},
  publisher={Elsevier}
}

@article{tatem2017worldpop,
  title={WorldPop, open data for spatial demography},
  author={Tatem, Andrew J},
  journal={Scientific data},
  volume={4},
  number={1},
  pages={1--4},
  year={2017},
  publisher={Nature Publishing Group}
}

@article{themistocleous2020investigating,
  title={Investigating detection of floating plastic litter from space using Sentinel-2 imagery},
  author={Themistocleous, Kyriacos and Papoutsa, Christiana and Michaelides, Silas and Hadjimitsis, Diofantos},
  journal={Remote Sensing},
  volume={12},
  number={16},
  pages={2648},
  year={2020},
  publisher={Multidisciplinary Digital Publishing Institute}
}

@article{theobald2015ecologically,
  title={Ecologically-relevant maps of landforms and physiographic diversity for climate adaptation planning},
  author={Theobald, David M and Harrison-Atlas, Dylan and Monahan, William B and Albano, Christine M},
  journal={PloS one},
  volume={10},
  number={12},
  pages={e0143619},
  year={2015},
  publisher={Public Library of Science}
}

@article{worm2017plastic,
  title={Plastic as a persistent marine pollutant},
  author={Worm, Boris and Lotze, Heike K and Jubinville, Isabelle and Wilcox, Chris and Jambeck, Jenna},
  journal={Annual Review of Environment and Resources},
  volume={42},
  pages={1--26},
  year={2017},
  publisher={Annual Reviews}
}

@INPROCEEDINGS{9553499,  author={Karra, Krishna and Kontgis, Caitlin and Statman-Weil, Zoe and Mazzariello, Joseph C. and Mathis, Mark and Brumby, Steven P.},  booktitle={2021 IEEE International Geoscience and Remote Sensing Symposium IGARSS},   title={Global land use / land cover with Sentinel 2 and deep learning},   year={2021},  volume={},  number={},  pages={4704-4707},  doi={10.1109/IGARSS47720.2021.9553499}}

@misc{hinton2015distilling,
      title={Distilling the Knowledge in a Neural Network}, 
      author={Geoffrey Hinton and Oriol Vinyals and Jeff Dean},
      year={2015},
      eprint={1503.02531},
      archivePrefix={arXiv},
      primaryClass={stat.ML}
}

@misc{astinfra,
      title = {Infrastructure Distribution of the Ministry of PUPR},
      howpublished = {\url={https://sigi.pu.go.id/ast/}}
}

@article{van2014scikit,
  title={scikit-image: image processing in Python},
  author={Van der Walt, Stefan and Sch{\"o}nberger, Johannes L and Nunez-Iglesias, Juan and Boulogne, Fran{\c{c}}ois and Warner, Joshua D and Yager, Neil and Gouillart, Emmanuelle and Yu, Tony},
  journal={PeerJ},
  volume={2},
  pages={e453},
  year={2014},
  publisher={PeerJ Inc.}
}

@article{sentinel2user,
  title={User Handbook},
  author={Sentinel, ESA},
  journal={ESA Standard Document},
  volume={64},
  year={2}
}

@software{kelsey_jordahl_2020_3946761,
  author       = {Kelsey Jordahl and
                  Joris Van den Bossche and
                  Martin Fleischmann and
                  Jacob Wasserman and
                  James McBride and
                  Jeffrey Gerard and
                  Jeff Tratner and
                  Matthew Perry and
                  Adrian Garcia Badaracco and
                  Carson Farmer and
                  Geir Arne Hjelle and
                  Alan D. Snow and
                  Micah Cochran and
                  Sean Gillies and
                  Lucas Culbertson and
                  Matt Bartos and
                  Nick Eubank and
                  maxalbert and
                  Aleksey Bilogur and
                  Sergio Rey and
                  Christopher Ren and
                  Dani Arribas-Bel and
                  Leah Wasser and
                  Levi John Wolf and
                  Martin Journois and
                  Joshua Wilson and
                  Adam Greenhall and
                  Chris Holdgraf and
                  Filipe and
                  FranÃ§ois Leblanc},
  title        = {geopandas/geopandas: v0.8.1},
  month        = jul,
  year         = 2020,
  publisher    = {Zenodo},
  version      = {v0.8.1},
  doi          = {10.5281/zenodo.3946761},
  url          = {https://doi.org/10.5281/zenodo.3946761}
}

 @misc{nguyen_pham_2022, title={Remote Sensing Smart City Solution for Municipal Waste Management?: United Nations Development Programme}, url={https://www.undp.org/vietnam/blog/remote-sensing-smart-city-solution-municipal-waste-management}, journal={United Nations Develpment Program}, author={Nguyen, Luong and Pham, Tram-Anh}, year={2022}, month={Mar}} 
 
 @article{lesiv2018characterizing,
  title={Characterizing the spatial and temporal availability of very high resolution satellite imagery in google earth and microsoft bing maps as a source of reference data},
  author={Lesiv, Myroslava and See, Linda and Laso Bayas, Juan Carlos and Sturn, Tobias and Schepaschenko, Dmitry and Karner, Mathias and Moorthy, Inian and McCallum, Ian and Fritz, Steffen},
  journal={Land},
  volume={7},
  number={4},
  pages={118},
  year={2018},
  publisher={MDPI}
}

@misc{https://doi.org/10.48550/arxiv.2202.05433,
  doi = {10.48550/ARXIV.2202.05433},
  
  url = {https://arxiv.org/abs/2202.05433},
  
  author = {Zhang, Jieyu and Hsieh, Cheng-Yu and Yu, Yue and Zhang, Chao and Ratner, Alexander},
  
  keywords = {Machine Learning (cs.LG), Artificial Intelligence (cs.AI), Applications (stat.AP), FOS: Computer and information sciences, FOS: Computer and information sciences},
  
  title = {A Survey on Programmatic Weak Supervision},
  
  publisher = {arXiv},
  
  year = {2022},
  
  copyright = {arXiv.org perpetual, non-exclusive license}
}
